@article{1,
author = {H Babinsky},
title = {How wings really work},
url = {https://www.cam.ac.uk/research/news/how-wings-really-work},
}
@misc{lift,
author = {Holger Babinsky},
title = {How Wings Really Work},
howpublished = {Available at \url{https://www.cam.ac.uk/research/news/how-wings-really-work} (2023/02/02)}
}
@article{2,
author = {R Nave},
title = {Specific Heat},
url = {http://hyperphysics.phy-astr.gsu.edu/hbase/thermo/spht.html},
}
@article{3,
author = {R Nave},
title = {Air Friction},
url = {http://hyperphysics.phy-astr.gsu.edu/hbase/airfri.html},
}
@article{4,
author = {R Nave},
title = {Viscous Resistance},
url = {http://hyperphysics.phy-astr.gsu.edu/hbase/airfri.html#c3},
}
@misc{5,
author = {Tom Benson},
title = {The lift equation},
url = {https://www.grc.nasa.gov/www/k-12/VirtualAero/BottleRocket/airplane/lifteq.html},
}
@techreport{SAE,
  title       = "Aerodynamics for Formula SAE: On-Track Performance Evaluation",
  author      = "Scott Wordley, Jessie Pettigrew, Jeff Saunders",
  institution = "Society of Automotive Engineers internation",
  doi         = "10.4271/2007-01-0897",
  year        = 2007,
  month       = apr
}

@article{6,
  author          = {Krishnakumar, Ajinkya AND Sharma, Parth AND Tambi, Yash AND Ashok, B},
  journal         = {Indian Journal of Science and Technology},
  number          = {31},
  title           = {Establishing Temperature Dependency of the Aerodynamic Drag using CFD and Experimental Analysis},
  volume          = {9},
  year            = {2016},
  doi             = {10.17485/ijst/2016/v9i31/91495},
}
@misc{7,
author = {KUNOS-Simulazioni Srl},
year = {2014},
title = {Assetto Corsa},
version = {14.7.2022},
format = {Computer software},
url = {https://assettocorsa.gg/assetto-corsa/},
}
@misc{8,
author = {Open Source},
year = {2004},
title = {OpenFOAM},
version = {v2312},
format = {Computer software},
url = {https://www.openfoam.com/},
}

@misc{9,
  author       = {Nick Connor},
  url          = {https://www.thermal-engineering.org/what-is-navier-stokes-equation-definition/}, 
  title        = {What is Navier-Stokes Equation â€“ Definition},
  year         = {2019}
}